%% This BibTeX bibliography file was created using BibDesk.
%% http://bibdesk.sourceforge.net/

%% Created for Frédéric Berdoz at 2019-04-02 14:26:37 -0400 


%% Saved with string encoding Unicode (UTF-8) 



@unpublished{Course,
	Author = {James Forbes},
	Date-Added = {2019-04-02 14:25:54 -0400},
	Date-Modified = {2019-04-02 14:25:54 -0400},
	Month = {January},
	Title = {A Systematic Approach to Dynamics},
	Year = {2019}}

@webpage{eDeorbit,
	Date-Added = {2019-04-02 14:25:54 -0400},
	Date-Modified = {2019-04-02 14:25:54 -0400},
	Month = {April},
	Title = {\The \European \Space \Agency website},
	Url = {www.esa.int/Our\_Activities/Space\_Engineering\_Technology/Clean\_Space},
	Year = {2016},
	Bdsk-Url-1 = {http://www.esa.int}}

@electronic{Slide8,
	Author = {James Richard Forbes},
	Date-Added = {2019-03-27 22:53:31 -0400},
	Date-Modified = {2019-03-27 22:54:21 -0400},
	Keywords = {Slide},
	Title = {Slides 8 : Rigid-Body Equations of Motion}}

@electronic{Slide9,
	Author = {James Richard Forbes},
	Date-Added = {2019-03-23 13:20:25 -0400},
	Date-Modified = {2019-03-27 23:01:29 -0400},
	Keywords = {Slide},
	Title = {Slides 9 : Constrained Rigid-Bodies}}
