%% This BibTeX bibliography file was created using BibDesk.
%% http://bibdesk.sourceforge.net/

%% Created for Frédéric Berdoz at 2019-02-17 19:40:06 -0500 


%% Saved with string encoding Unicode (UTF-8) 



@unpublished{Course,
	Author = {James Forbes},
	Date-Added = {2019-02-17 19:37:47 -0500},
	Date-Modified = {2019-02-17 19:39:58 -0500},
	Month = {January},
	Title = {A Systematic Approach to Dynamics},
	Year = {2019}}

@webpage{eDeorbit,
	Date-Added = {2019-01-17 16:18:20 -0500},
	Date-Modified = {2019-01-17 16:30:32 -0500},
	Month = {April},
	Title = {\The \European \Space \Agency website},
	Url = {www.esa.int/Our\_Activities/Space\_Engineering\_Technology/Clean\_Space},
	Year = {2016},
	Bdsk-Url-1 = {http://www.esa.int}}
