%% This BibTeX bibliography file was created using BibDesk.
%% http://bibdesk.sourceforge.net/

%% Created for Frédéric Berdoz at 2019-03-27 23:01:51 -0400 


%% Saved with string encoding Unicode (UTF-8) 



@electronic{Slide8,
	Author = {James Richard Forbes},
	Date-Added = {2019-03-27 22:53:31 -0400},
	Date-Modified = {2019-03-27 22:54:21 -0400},
	Keywords = {Slide},
	Title = {Slides 8 : Rigid-Body Equations of Motion}}

@electronic{Slide9,
	Author = {James Richard Forbes},
	Date-Added = {2019-03-23 13:20:25 -0400},
	Date-Modified = {2019-03-27 23:01:29 -0400},
	Keywords = {Slide},
	Title = {Slides 9 : Constrained Rigid-Bodies}}
